@article{marshall2007mean,
  title={Mean climate and variability of the atmosphere and ocean on an aquaplanet},
  author={Marshall, John and Ferreira, David and Campin, JM and Enderton, Daniel},
  journal={Journal of the Atmospheric Sciences},
  volume={64},
  number={12},
  pages={4270--4286},
  year={2007}
}
@article{marshall2003residual,
  title={Residual-mean solutions for the Antarctic Circumpolar Current and its associated overturning circulation},
  author={Marshall, John and Radko, Timour},
  journal={Journal of Physical Oceanography},
  volume={33},
  number={11},
  pages={2341--2354},
  year={2003}
}
@article{hess1993maintenance,
  title={Maintenance of the intertropical convergence zones and the large-scale tropical circulation on a water-covered earth},
  author={Hess, Peter G and Battisti, David S and Rasch, Philip J},
  journal={Journal of the atmospheric sciences},
  volume={50},
  number={5},
  pages={691--713},
  year={1993}
}
@article{kirtman2000spontaneously,
  title={A spontaneously generated tropical atmospheric general circulation},
  author={Kirtman, Ben P and Schneider, Edwin K},
  journal={Journal of the atmospheric sciences},
  volume={57},
  number={13},
  pages={2080--2093},
  year={2000}
}
@article{barsugli2005tropical,
  title={Tropical climate regimes and global climate sensitivity in a simple setting},
  author={Barsugli, Joseph and Shin, Sang-Ik and Sardeshmukh, Prashant D},
  journal={Journal of the atmospheric sciences},
  volume={62},
  number={4},
  pages={1226--1240},
  year={2005}
}