@book{marshall2007atmosphere,
  title={Atmosphere, Ocean and Climate Dynamics: An Introductory Text},
  author={Marshall, J. and Plumb, R.A.},
  isbn={9780080556703},
  series={International Geophysics},
  url={http://books.google.co.jp/books?id=KvJfvYBHiegC},
  year={2007},
  publisher={Elsevier Science}
}
